
@article{Marneffe2014,
author = {de Marneffe, Marie-Catherine and Dozat, Timothy and Silveira, Natalia and Haverinen, Katri and Ginter, Filip and Nivre, Joakim and Manning, Christopher D.},
isbn = {978-2-9517408-8-4},
journal = {In Proceedings of the Ninth International Conference on Language Resources and Evaluation (LREC'14)},
keywords = {Syntactic dependencies},
mendeley-groups = {Dependency},
pages = {4585--4592},
title = {{Universal Stanford Dependencies: A cross-linguistic typology}},
url = {papers3://publication/uuid/D4B7BB39-4FFB-4AA6-B21E-701A91F27739},
year = {2014}
}

@misc{ud2014,
booktitle = {Universal Dependencies},
author = {UniversalDependencies.org},
title = {{Universal dependency relations (single document)}},
key = {Universal Dependencies},
url = {http://universaldependencies.org/u/dep/all.html},
urldate = {April 20, 2016},
year = {2014}
}

@book{Cow08,
address = {Boulder},
author = {Cowell, Andrew and Moss, Alonzo},
mendeley-groups = {Syntactic Theory,Thesis,Prelim,ETHN/Kin},
publisher = {Westview Press},
title = {{The Arapaho Language}},
year = {2008}
}
@article{Goddard1984,
author = {Goddard, Ives},
booktitle = {Papers of the Fifteenth Algonquian Conference},
editor = {Cowan, William},
pages = {273--286},
publisher = {Carleton University Ottawa},
title = {{The obviative in Fox narrative discourse}},
year = {1984}
}
@proceedings{McDonald2013,
address = {Sofia, Bulgaria},
author = {McDonald, Ryan and Nivre, Joakim and Quirmbach-Brundage, Yvonne and {Yoav Goldberg} and Das, Dipanjan and Ganchev, Kuzman and Hall, Keith and Petrov, Slav and Zhang, Hao and T{\"{a}}ckstr{\"{o}}m, Oscar and Bedini, Claudia and Castell{\'{o}}, N{\'{u}}ria Bertomeu and Lee, Jungmee},
booktitle = {ACL 2013 - 51st Annual Meeting of the Association for Computational Linguistics, Proceedings of the Conference},
mendeley-groups = {Dependency},
pages = {92--97},
title = {{Universal Dependency Annotation for Multilingual Parsing}},
year = {2013}
}
@article{Nivre2015,
author = {Nivre, Joakim},
doi = {10.1007/978-3-319-18111-0_1},
isbn = {9783319181103},
issn = {16113349},
journal = {Lecture Notes in Computer Science (including subseries Lecture Notes in Artificial Intelligence and Lecture Notes in Bioinformatics)},
pages = {3--16},
title = {{Towards a universal grammar for natural language processing}},
volume = {9041},
year = {2015}
}
@article{Marneffe2008,
author = {de Marneffe, Marie-Catherine and Manning, Christopher D.},
pages = {1--22},
title = {{Stanford typed dependencies manual}},
url = {http://nlp.stanford.edu/downloads/dependencies{\_}manual.pdf},
volume = {Revised: April 2015},
year = {2008}
}
